<record><leader>00000cas a22000007a 4500</leader><controlfield tag="001">26147783</controlfield><controlfield tag="008">920708d19uu2009vauwn ne      0   a0eng d</controlfield><datafield ind1=" " ind2=" " tag="010"><subfield code="a">sn 92004928 </subfield></datafield><datafield ind1=" " ind2=" " tag="040"><subfield code="a">NSD</subfield><subfield code="b">eng</subfield><subfield code="c">NSD</subfield><subfield code="d">NVK</subfield><subfield code="d">OCLCQ</subfield><subfield code="d">OCLCF</subfield><subfield code="d">OCLCO</subfield></datafield><datafield ind1=" " ind2=" " tag="012"><subfield code="j">0</subfield><subfield code="l">1</subfield></datafield><datafield ind1="1" ind2=" " tag="022"><subfield code="a">1063-8466</subfield><subfield code="l">1063-8466</subfield><subfield code="2">1</subfield></datafield><datafield ind1="1" ind2=" " tag="029"><subfield code="a">AU@</subfield><subfield code="b">000020711744</subfield></datafield><datafield ind1=" " ind2=" " tag="037"><subfield code="b">The Observer, PO Box 109, Herndon, VA 22070</subfield></datafield><datafield ind1=" " ind2=" " tag="042"><subfield code="a">nsdp</subfield><subfield code="a">msc</subfield></datafield><datafield ind1=" " ind2=" " tag="043"><subfield code="a">n-us-va</subfield></datafield><datafield ind1=" " ind2="4" tag="222"><subfield code="a">The Observer</subfield><subfield code="b">(Herndon, Va.)</subfield></datafield><datafield ind1="0" ind2="4" tag="245"><subfield code="a">The Herndon observer.</subfield></datafield><datafield ind1="3" ind2="0" tag="246"><subfield code="a">Observer</subfield></datafield><datafield ind1=" " ind2=" " tag="260"><subfield code="a">Herndon, Va. :</subfield><subfield code="b">Herndon Pub. Co.,</subfield><subfield code="c">-2009.</subfield></datafield><datafield ind1=" " ind2=" " tag="300"><subfield code="a">v.</subfield></datafield><datafield ind1=" " ind2=" " tag="310"><subfield code="a">Weekly (except Christmas)</subfield></datafield><datafield ind1="1" ind2=" " tag="362"><subfield code="a">Began in 1976.</subfield></datafield><datafield ind1="0" ind2=" " tag="362"><subfield code="a">-v. 33, no. 43 (Feb. 20, 2009).</subfield></datafield><datafield ind1=" " ind2=" " tag="500"><subfield code="a">"The newspaper everybody reads."</subfield></datafield><datafield ind1=" " ind2=" " tag="530"><subfield code="a">Available on microfilm from U.M.I.</subfield></datafield><datafield ind1=" " ind2=" " tag="588"><subfield code="a">Description based on: Vol. 17, no. 24 (June 12, 1992).</subfield></datafield><datafield ind1=" " ind2="0" tag="651"><subfield code="a">Herndon (Va.)</subfield><subfield code="v">Newspapers.</subfield></datafield><datafield ind1=" " ind2="0" tag="651"><subfield code="a">Fairfax County (Va.)</subfield><subfield code="v">Newspapers.</subfield></datafield><datafield ind1=" " ind2="7" tag="655"><subfield code="a">Newspapers.</subfield><subfield code="2">fast</subfield><subfield code="0">(OCoLC)fst01423814</subfield></datafield><datafield ind1=" " ind2="7" tag="651"><subfield code="a">Virginia</subfield><subfield code="z">Fairfax County.</subfield><subfield code="2">fast</subfield><subfield code="0">(OCoLC)fst01204981</subfield></datafield><datafield ind1=" " ind2="7" tag="651"><subfield code="a">Virginia</subfield><subfield code="z">Herndon.</subfield><subfield code="2">fast</subfield><subfield code="0">(OCoLC)fst01203967</subfield></datafield><datafield ind1=" " ind2=" " tag="752"><subfield code="a">United States</subfield><subfield code="b">Virginia</subfield><subfield code="c">Fairfax</subfield><subfield code="d">Herndon.</subfield></datafield><datafield ind1="0" ind2="0" tag="785"><subfield code="t">Observer (Herndon, Va.)</subfield><subfield code="w">(DLC)sn2008060967</subfield></datafield></record>